
@article{wang2020comprehensive,
  title={A comprehensive survey of loss functions in machine learning},
  author={Wang, Qi and Ma, Yue and Zhao, Kun and Tian, Yingjie},
  journal={Annals of Data Science},
  pages={1--26},
  year={2020},
  publisher={Springer}
}

@book{murphy2012machine,
  title={Machine learning: a probabilistic perspective},
  author={Murphy, Kevin P},
  year={2012},
  publisher={MIT press}
}

